2632 4844
612 250 657 326 W
685 251 719 328 E
745 250 784 326 D

172 401 383 545 llpbllhlsstps
397 409 482 482 (oro.
492 404 597 478 worr.)
613 404 839 482 Propempticon
853 397 889 460 de
903 397 1005 459 morbo
1018 399 1177 477 imputato.
1196 401 1232 460 40

229 507 271 544 en.
365 528 373 543 ι

170 595 329 613 --
342 562 568 642 Propempticon
581 560 618 620 de
631 561 734 620 morbo
746 579 839 620 crasso
852 559 1052 640 Hippocratis.
1092 558 1126 616 4⁰
1165 556 1232 620 Jen.

171 644 324 770 Q
343 721 569 799 Propempticon
595 719 632 779 de
658 719 820 797 Tetragono
847 717 1046 797 Hippocratis.
1093 718 1126 777 4⁰
1166 718 1233 779 den.

168 802 326 931 Q
340 879 525 958 Physiologia
540 877 703 938 reformata.
723 878 754 934 4⁰
773 876 833 934 Jen.
850 872 937 936 1688.

168 958 568 1036 ——Propempticon
593 956 630 1017 de
656 956 899 1016 demonstratione
924 954 1144 1034 Hippocratica.
1196 957 1233 1016 4·

167 1040 338 1169 Q
338 1041 564 1194 Propempticon
576 1114 613 1173 de
626 1121 732 1174 natura
744 1114 923 1173 morborum.
944 1111 976 1170 4⁰
995 1112 1058 1172 Jen.
1075 1111 1165 1174 1689.

167 1229 325 1244 ---
339 1196 570 1276 Propempticon
583 1193 620 1254 de
634 1194 736 1254 morbo
750 1201 779 1252 et
791 1193 880 1252 herba
903 1189 1048 1252 solstitiali.
1088 1194 1121 1252 4⁰
1160 1195 1229 1257 Jen.

164 1278 322 1405 Q
334 1354 560 1432 Propempticon
573 1350 609 1410 de
623 1352 721 1430 Sinapi
737 1351 905 1430 Scripturae.
925 1351 958 1407 40
976 1349 1037 1409 Jen.
1053 1348 1142 1410 1690.

163 1467 321 1487 -—-
334 1433 561 1512 Propempticon
586 1431 623 1491 de
650 1431 810 1510 Epipasmo
835 1428 1019 1489 Judaeorum.
1073 1430 1106 1486 40
1160 1432 1228 1492 Jen.

162 1513 318 1642 Eo·—
333 1592 558 1668 Propempticon
571 1589 609 1650 de
623 1589 755 1669 Paralysi
769 1596 932 1669 torquente.
954 1588 986 1645 40
1005 1587 1066 1647 Jen.
1083 1587 1173 1648 1690.

161 1703 320 1719 ---
334 1672 562 1749 Propempticon
588 1668 626 1728 de
653 1678 836 1729 contractura
861 1667 1033 1728 daemonica.
1084 1667 1116 1724 40
1153 1668 1220 1727 Jen.

159 1747 318 1944 -ἑθ-ῨΞ-
332 1829 559 1906 Propempticon
581 1827 619 1888 de
641 1827 848 1888 balsamatione
872 1843 1029 1906 corporum
1048 1826 1078 1884 in
1101 1846 1224 1906 genere.

197 1909 218 1966 4
248 1908 310 1967 Μ·
326 1907 558 2065 lfflpempficon
583 1985 621 2046 de
654 1996 771 2046 nectare
805 1994 834 2045 et
865 1975 1016 2045 ambrosia.
1069 1983 1102 2042 4⁰
1156 1985 1221 2046 Jen.

154 2066 313 2206 Q
328 2144 553 2221 Propempticon
567 2143 603 2205 de
617 2144 674 2203 sale
690 2145 806 2204 insulso.
826 2145 859 2202 4⁰
876 2144 938 2202 Jen.
953 2144 1041 2203 1691.
1148 2158 1154 2169 ’

153 2254 311 2271 --·-
324 2224 552 2300 Propempticon
573 2223 610 2281 de
630 2224 811 2302 physiologia
835 2222 941 2283 excidii
967 2223 1164 2283 Sodomorum
1185 2233 1219 2284 et

191 2310 294 2361 statuae
308 2303 380 2361 salis.
401 2304 434 2358 40
452 2303 514 2360 Jen.
531 2301 619 2362 1699.

152 2411 309 2458 -ε-
325 2379 491 2457 Pathologia
511 2379 817 2458 medico-dogmatica.
838 2383 870 2438 4⁰
889 2382 949 2440 Jen.
967 2382 1053 2443 1699.

150 2491 310 2507 --—
323 2461 550 2537 Propempticon
576 2458 614 2518 de
642 2459 740 2518 radice
767 2479 864 2520 amara
892 2461 1024 2522 Homeri.
1078 2463 1111 2520 4⁰
1149 2460 1215 2522 Jen.

193 2539 281 2602 1692·
324 2618 549 2696 Propempticon
562 2616 599 2677 de
612 2617 769 2696 suspendio
783 2619 941 2698 Virginum
956 2620 1147 2680 Milesiarum.
1179 2621 1215 2679 4·

190 2698 552 2856 Jcn.169}mpempueon
577 2774 614 2835 de
642 2778 770 2836 nummis
792 2777 860 2836 Jani
884 2777 987 2838 Ratitis
1010 2779 1036 2839 1.
1076 2780 1109 2838 40
1147 2778 1214 2840 Jerr.

149 2856 305 2983 -16—934-
321 2936 550 3016 Propempticon
561 2935 599 2994 de
612 2937 704 2995 minio
717 2935 819 2994 lunari.
839 2938 871 2993 4⁰
891 2937 953 2996 Jen.
963 2919 1056 2996 1695.

147 3045 306 3153 -ιῶἐ-
319 3016 488 3095 Aphorismi
505 3017 693 3096 Hippocratis
707 3018 737 3074 in
756 3016 914 3092 porismata
927 3018 1052 3076 resoluti.
1076 3016 1126 3077 190
1144 3016 1210 3076 Jen.

147 3137 307 3221 ——4-
320 3173 547 3254 Propempticon
574 3172 611 3233 de
636 3191 743 3233 corona
771 3171 879 3232 Christi
907 3173 1016 3252 spinet.
1070 3175 1103 3232 4⁰
1141 3173 1208 3236 Jen.

147 3251 305 3469 {3:-
319 3332 546 3394 Exercitationes
577 3331 1003 3426 pathologico·therapeuticoe.
1057 3333 1090 3405 40
1142 3298 1208 3392 den.

145 3517 304 3532 -—--
318 3490 544 3569 Propempticon
557 3488 594 3549 de
608 3491 695 3549 Mose
709 3487 846 3548 chimico.
866 3491 907 3547 4⁰-
916 3492 978 3551 den.
995 3491 1083 3550 1698.

145 3595 302 3633 -τ--
317 3569 543 3646 Propempticon
555 3569 592 3628 de
606 3572 674 3628 vino
689 3567 813 3629 modico.
833 3569 865 3627 4⁰
885 3569 947 3628 Jen.
962 3571 1050 3630 1698.

145 3673 303 3690 ---
318 3646 543 3725 Propempticon
555 3647 593 3708 de
606 3649 734 3708 nummis
748 3647 888 3709 Gothicis.
908 3651 940 3707 4⁰
958 3650 1020 3709 Jen.
1035 3648 1123 3708 1698.

144 3756 304 3774 ---
317 3725 510 3807 Programma
536 3726 573 3788 de
594 3729 740 3788 unicornu
763 3737 792 3786 et
815 3727 903 3788 ebore
929 3729 1029 3788 fossili.
1068 3729 1100 3786 4⁰
1137 3727 1203 3790 Jen.

143 3803 301 3933 Q
314 3884 543 3946 Exercitationes
560 3886 886 3968 medico-philologicae.
905 3887 938 3950 4⁰
956 3889 1018 3949 Jen.
1033 3886 1122 3947 1699.
1161 3861 1165 3868 ¹

141 3993 459 4017 -·—-·---
470 3968 502 4026 4⁰
519 3968 581 4028 «ἴση.
602 3967 687 4026 1701.

140 4072 457 4094 -·-—--—-
470 4048 503 4104 4⁰
521 4048 583 4105 Jen.
600 4046 685 4107 1709.

141 4146 455 4173 ·-·-------
468 4127 501 4184 40
518 4125 579 4187 Jen.
595 4124 681 4187 1705.

84 4245 86 4249 ,
141 4201 450 4340 ᾟ-ι-ὠέιῑτοίωε
469 4213 586 4288 apertus
607 4205 645 4269 ad
667 4205 818 4270 occlusum
841 4205 927 4288 Regis
954 4205 1107 4285 palatium.
1148 4204 1200 4277 12⁰,

910 4412 913 4418 ’
963 4440 1191 4509 wmuuus
