2632 4844
569 240 741 317 WED

134 393 343 457 WEDELIUS
366 398 452 472 (oro.
467 394 570 466 wotr.)
596 392 821 470 Propempticon
835 391 872 452 de
886 397 1058 456 nummo-C.
1074 397 1109 457 C.
1125 398 1195 458 Aut

172 479 248 554 gusti
262 476 454 553 aenigmatico.
475 473 498 530 1.
519 476 550 530 4⁰
570 474 629 530 Jen.
646 473 732 532 1714.

132 552 501 610 ...-..-.--11.
522 554 553 611 4⁰
572 553 632 612 Jen.
649 552 734 612 1715.
1189 590 1196 596 -

131 667 290 685 ---
305 634 527 711 Propempticon
539 631 576 689 de
591 633 753 690 Pestilentia
766 633 795 689 in
809 634 906 690 sacris.
927 634 959 691 4⁰
976 636 1038 693 Jen.
1057 635 1147 696 1714.
1190 670 1195 677 -

132 748 291 765 ---
305 713 480 773 Exercitatio
493 711 528 770 de
543 732 594 770 usu
608 712 725 770 rationis
736 711 875 771 humanae
891 714 919 771 in
934 716 1031 773 sacris.
1065 718 1097 773 4⁰
1125 716 1191 780 Jen.

132 796 291 920 ..l-714.-
304 872 531 951 Propempticon
543 868 581 928 de
594 879 667 927 statu
682 878 794 928 neutro.
814 872 846 931 4⁰
865 870 926 929 Jen.
941 843 1027 931 1714.

132 983 290 999 ---
304 953 530 1030 Propempticon
544 948 579 1008 de
594 948 794 1010 Holoconitide
808 950 995 1028 Hippocratis
1009 953 1033 1013 1.
1062 955 1095 1011 4⁰
1122 955 1187 1016 Jen.
1239 989 1250 1012 2

131 1032 517 1187 -17-1-5Ᾰ-Οοωρεηόἰυηι
536 1107 670 1168 Chimire.
690 1109 723 1165 41
742 1108 905 1168 Jen.1715.

130 1190 527 1267 ——Propempticon
561 1187 598 1245 dc
630 1188 800 1246 Cosmeticis
833 1193 862 1247 in
890 1193 985 1251 sacris.
1040 1194 1072 1248 4⁰
1124 1195 1187 1254 Jen.

128 1270 287 1399 Q
302 1348 523 1426 Propempticon
536 1344 572 1403 de
587 1345 690 1404 morbo
702 1347 904 1428 toroni-regis
917 1348 1014 1408 Jndae.
1055 1351 1087 1406 4⁰
1122 1351 1185 1413 Jcn.

130 1428 287 1552 Q
303 1506 387 1565 Liber
400 1505 436 1564 de
450 1504 558 1564 morbis
573 1504 729 1565 Infantum.
750 1509 782 1564 4⁰
801 1508 862 1565 Jcn.
879 1506 966 1567 1717.

128 1587 525 1664 ——Propempticon
551 1584 588 1643 de
615 1585 677 1644 Elia
702 1587 808 1646 artista.
861 1586 931 1644 Pars
959 1586 985 1643 1.
1039 1589 1071 1643 4⁰
1123 1588 1185 1649 Jen.

170 1664 258 1725 1⁷¹&
457 1743 566 1801 Parsa.
587 1744 619 1799 4⁰
638 1743 801 1802 omino.

127 1853 443 1874 .------
459 1823 526 1881 Pars
541 1824 569 1880 3.
590 1823 622 1878 4⁰
642 1823 703 1880 Jen.
720 1824 806 1881 1719.

127 1904 529 1981 ——Propempticon
551 1900 588 1958 de
608 1901 726 1960 foemina
752 1902 789 1959 to
803 1920 944 1959 annorum
967 1903 1108 1980 profluvio
1121 1923 1184 1962 san·

166 1985 261 2060 guinis
274 1982 428 2040 laborante.
448 1983 480 2039 4⁰
499 1981 560 2037 Jcn.
578 1979 663 2038 1719.

128 2093 285 2110 ----
299 2063 526 2139 Propempticon
541 2058 577 2116 de
598 2059 807 2118 mutationibus
828 2060 924 2117 Aeris.
958 2062 991 2116 4⁰
1020 2061 1081 2118 Jen.
1099 2061 1184 2120 1719.

126 2174 284 2189 -..-
299 2141 524 2218 Propempticon
537 2137 575 2195 de
589 2138 759 2218 Hydropico
778 2138 916 2197 divinitds
930 2150 1040 2198 curato.
1071 2142 1103 2197 4⁰
1122 2141 1182 2200 ἄση.

126 2223 284 2346 Q
298 2297 519 2376 Propempticon
534 2294 573 2352 de
586 2295 771 2372 Hippomane
785 2295 809 2353 1.
830 2297 863 2353 41
881 2297 942 2356 Jen.
958 2300 1044 2358 1720.
1070 2249 1072 2251 >
1185 2249 1188 2252 ⁴

126 2401 283 2425 ----·
297 2377 521 2453 Propempticon
534 2373 570 2430 de
585 2375 750 2432 verberibus
763 2375 892 2434 medicis.
913 2379 945 2434 4⁰
964 2378 1025 2435 Jen.
1041 2377 1128 2437 1791.

126 2457 335 2516 WEDELIUS
349 2460 429 2532 (rou.
445 2456 486 2527 n.)
503 2452 622 2512 Dissert.
635 2452 673 2512 de
686 2456 815 2513 tinctura
829 2456 934 2516 Martis
947 2457 1131 2515 helleborata.
1152 2459 1184 2514 4⁰

53 2562 61 2572 ‘
163 2539 224 2596 Jcn.
241 2536 327 2596 1695.
687 2571 689 2575 ,

125 2615 283 2666 -'—--
297 2615 427 2677 Diatribe
441 2612 478 2671 de
493 2612 644 2670 fermentis
659 2613 799 2672 chimicis.
820 2615 852 2670 4⁰
872 2614 933 2673 Jen.
950 2614 1039 2672 1695.

125 2706 282 2746 ·--'--
296 2694 415 2753 Disscrt.
430 2693 466 2751 de
480 2692 560 2770 Igne.
582 2695 613 2748 4⁰
633 2693 693 2751 Jen.
711 2693 797 2750 1696.

125 2805 283 2822 -·--·
297 2774 416 2831 Dissert.
430 2773 466 2830 de
481 2770 655 2848 camphora.
676 2774 706 2828 4⁰
725 2774 786 2829 Jen.
803 2771 889 2829 1697.

126 2885 284 2903 -—--
297 2853 425 2911 Exercit.
439 2851 474 2910 de
488 2851 604 2927 punctis
622 2852 752 2910 medicis·
771 2853 803 2907 4⁰
822 2851 883 2908 Jen.
900 2851 985 2910 1701.

127 2962 283 2977 ·-—
296 2933 414 2990 Dissert.
429 2930 465 2988 de
478 2939 660 2990 ΣΥΓΧΡΙΣΕΙ
675 2940 703 2990 et
716 2939 902 2989 ΔΙΑΧΡΙΣΕΙ
919 2931 1078 2988 humorum
1092 2932 1186 2990 vitalis

165 3030 226 3068 um.
246 3012 278 3068 4⁰
297 3013 359 3068 Jen.
376 3009 461 3071 1713.

125 3120 284 3138 ——-·
299 3090 524 3166 Propempticon
537 3087 574 3146 dc
588 3107 672 3146 sensu
687 3088 853 3147 brutorum.
874 3089 907 3149 4⁰
927 3088 989 3146 Jen.
1006 3088 1093 3146 1714.
1173 3115 1177 3119 ·

127 3199 285 3245 7·—
300 3169 524 3246 Propempticon
537 3167 573 3225 de
588 3167 697 3226 vulvula
711 3186 790 3226 venae
814 3166 965 3231 subclaviae
988 3166 1092 3226 ductui
1118 3167 1183 3226 tho·

166 3252 263 3306 racico
277 3250 419 3325 imposita.
440 3248 472 3303 4⁰
491 3248 551 3305 Jcn.
570 3246 656 3306 1714.

127 3357 285 3371 --
299 3326 523 3404 Propempticon
546 3324 582 3383 de
602 3325 716 3384 embolo
735 3324 907 3403 hydraulico
927 3341 1009 3384 novo.
1050 3325 1082 3381 4⁰
1120 3324 1184 3389 Jcn.

124 3513 285 3527 ----
299 3482 527 3561 Propempticon
550 3481 587 3541 de
609 3481 730 3560 spongia
754 3501 829 3560 aqua
852 3482 963 3560 repleta
984 3491 1109 3544 natante.
1150 3483 1185 3541 4⁸

163 3561 224 3618 Jcn.
240 3561 326 3626 1415.

105 3669 282 3720 .··.········
296 3641 525 3717 Propempticon
551 3638 588 3703 de
611 3639 749 3718 sulphure
771 3639 951 3700 metallorum
974 3639 1186 3719 ignobiliorutn

165 3723 264 3797 ignem
279 3721 471 3799 concipiente.
491 3720 523 3776 4⁰
542 3720 604 3779 Jen.
621 3721 707 3779 1715.

10 3792 11 3795 '
123 3832 282 3849 ---
297 3797 523 3883 Propempticon
534 3798 571 3858 de
584 3799 724 3862 descensu
738 3799 880 3858 Mercurii
894 3800 925 3858 in
938 3800 1118 3858 Barometro.
1147 3801 1180 3856 4⁰

162 3881 224 3940 Jen.
239 3880 327 3941 1718.

125 3991 283 4008 ·---
297 3961 522 4038 Propempticon
549 3958 585 4018 de
599 3959 751 4020 fomacum
775 3956 985 4022 emendatione.
1012 3956 1182 4019 171411...-

161 4044 193 4101 4⁰
212 4041 273 4103 Jcn.
287 4040 429 4101 1718-20.
768 4042 772 4045 '
1048 4091 1058 4108 ,

122 4152 280 4172 .---
294 4119 522 4196 Propempticon
538 4117 577 4178 de
599 4119 684 4180 Aeris
708 4117 807 4196 frigidi
828 4119 858 4176 in
882 4117 1016 4179 conclave
1040 4117 1178 4178 irruentis

163 4198 395 4258 accumulatione
408 4197 602 4278 impedienda.
622 4199 654 4255 4⁰
671 4198 733 4258 Jcn.
751 4199 836 4257 1790.

121 4309 278 4331 μ---
292 4274 520 4354 Propempticon
531 4276 568 4335 de
581 4277 693 4355 liquore
705 4297 764 4339 non
780 4276 926 4352 mosivo
943 4275 1055 4355 lapides
1069 4275 1178 4346 ,durio-

160 4379 206 4422 res
219 4356 396 4420 absumente.
417 4357 449 4417 4⁰
466 4357 527 4420 Jcn.
543 4355 630 4419 1720.
1112 4394 1115 4400 -

176 4450 179 4454 ’
963 4433 1174 4498 WEDELIUS

1227 4366 1250 4399 Α
