2632 4844
603 268 767 351 THE

156 419 488 487 rnnoeuanswa
527 421 732 488 Charaoterest
752 445 823 486 oum
843 427 958 486 nottsl.
973 429 1013 488 A.
1027 425 1208 487 Werrlenln-

194 523 260 583 gen.
283 502 333 561 160
352 501 444 578 nega.
458 502 495 560 B.
511 502 597 563 1653.

480 583 545 640 aC.
558 582 691 644 Aldrieh.
711 586 743 643 8⁰
765 586 851 644 Oron.
867 584 952 646 1707.

481 681 497 718 a
511 662 543 720 P.
554 662 714 722 Needham.
735 666 768 722 8⁰
789 665 867 723 Cant.
882 665 970 726 1718.

125 741 551 801 .-------111111
564 741 683 819 English
706 743 795 804 Notos
808 745 848 823 by
862 743 899 803 R.
913 745 1046 804 Newton.
1079 745 1112 801 80
1142 745 1213 815 Oel'.
1263 759 1268 764 ·

195 821 282 880 Μ’
401 899 488 977 Ange.
508 900 539 958 or
558 899 649 959 aaa.
665 898 750 961 nn.

214 1026 217 1030 .
480 978 521 1057 by
535 979 613 1039 Enst.
629 980 762 1058 Bndgell.
785 981 835 1040 180
853 981 944 1039 Lond.
962 978 1048 1039 1714.

404 1059 483 1118 Gall.
504 1077 573 1117 aveo
585 1057 625 1116 les
639 1059 817 1120 characteres
829 1059 866 1119 de
879 1079 913 1119 ce
926 1058 1019 1119 Sieele
1039 1076 1093 1138 par
1106 1058 1148 1117 Le
1160 1058 1205 1117 81.

193 1137 235 1194 La
249 1137 390 1213 Bruyere.
413 1135 464 1195 180
484 1139 552 1196 Par.
568 1137 655 1196 1688.

480 1219 583 1276 810111.
605 1217 656 1276 180
675 1217 745 1276 Par.
765 1216 851 1276 1700.

153 1326 312 1342 ---
324 1294 531 1354 Charaoterum
545 1295 715 1355 Ethicorurn
729 1298 824 1373 capita
834 1295 894 1355 duo
907 1293 1044 1355 haetenus
1057 1292 1206 1363 anecdota,

192 1391 231 1434 ex
250 1371 322 1431 Cod.
344 1373 432 1433 Moto.
457 1373 598 1434 Vaticano
621 1377 693 1434 Saeo.
717 1374 774 1434 Xl.
795 1377 848 1437 Gr.
862 1375 928 1435 Lar.
948 1394 1016 1434 corn
1039 1375 1113 1432 notis
1128 1373 1206 1432 J.C.

191 1451 354 1512 Amadntii.
374 1455 407 1512 40
427 1455 522 1513 Parm.
538 1452 625 1513 1786.

153 1563 311 1578 -—-
324 1532 369 1590 De
381 1530 532 1592 Odoribus.
554 1534 607 1595 Gr.
620 1533 685 1592 Lat.
706 1534 742 1591 ab
756 1532 816 1592 Ad.
834 1533 980 1593 Turnebo.
1001 1535 1032 1590 40
1052 1533 1116 1591 Lat.
1130 1529 1207 1607 apat

172 1628 174 1633 ⁴
192 1613 240 1670 M.
260 1612 366 1669 Vareno.
381 1610 467 1668 1556.

401 1689 465 1748 Lot.
487 1689 524 1748 ab
536 1690 595 1750 Ad.
608 1691 755 1751 Turnebo.
778 1689 829 1748 160
848 1690 975 1750 Hardea.
994 1688 1080 1750 1656.

152 1794 312 1819 -κ--ι
323 1767 369 1826 De
381 1766 464 1846 Igne.
486 1770 539 1830 Gr.
560 1771 592 1827 40
612 1773 680 1830 Par.
696 1771 783 1833 1567.

401 1848 465 1906 Lat.
486 1848 535 1906 Ab
550 1848 607 1907 Ad.
620 1850 767 1910 Turnebo.
788 1851 820 1909 4⁰
839 1851 908 1909 Por.
924 1847 1010 1908 1558.
1041 1919 1044 1924 j
1079 1864 1082 1868 ’

71 1962 75 1966 -
483 1925 532 1985 160
552 1929 679 1988 Hardea.
696 1928 781 1986 1656,

156 2038 313 2057 ---
326 2005 553 2075 DaSudoribus,
573 2018 602 2065 et
624 2007 660 2066 de
682 2008 844 2085 Vertigine.
866 2010 919 2070 Gr.
937 2009 1002 2066 Lot.
1023 2025 1077 2085 per
1099 2007 1206 2067 Bonan

192 2087 386 2162 Grangernm.
406 2086 439 2142 80
458 2086 527 2142 Por.
544 2084 631 2145 1576.

152 2195 310 2216 ---
323 2162 369 2220 De
392 2162 559 2240 Lapidibus.
588 2166 641 2226 Gr.
654 2165 720 2222 Lat.
741 2165 778 2223 ab
801 2166 841 2224 A.
854 2166 999 2224 Turnebo.
1030 2167 1063 2225 4⁰
1093 2166 1159 2223 Im.
1173 2166 1207 2225 F.

192 2242 310 2301 Morell.
329 2239 416 2310 1577,
429 2243 458 2299 8.
1124 2279 1128 2285 -

152 2336 468 2372 -ὲ-----
481 2338 550 2379 cum
574 2321 706 2380 brevibus
720 2323 961 2382 Annotationibns
974 2323 1004 2381 J.
1017 2323 1054 2383 de
1067 2323 1146 2381 Laet.
1177 2324 1209 2380 80

193 2402 266 2479 Lug.
279 2399 346 2457 Bot.
361 2398 448 2459 1647.

135 2476 555 2555 ...μ-..511131
575 2477 616 2556 oy
629 2478 707 2539 John
722 2480 793 2540 11111.
814 2483 846 2539 a·
865 2480 956 2539 nona.
973 2480 1059 2540 1746.

404 2559 457 2619 Gr.
472 2557 566 2617 Germ.
587 2557 683 2618 Nebst
704 2559 790 2618 Hill's
803 2561 1032 2638 Anmerkungen
1056 2559 1113 2618 und
1135 2561 1208 2619 eini·
1297 2575 1300 2580 ⁴

195 2659 255 2718 gen
265 2635 391 2705 Briet’en,
410 2655 462 2695 aus
485 2634 553 2695 dein
572 2637 746 2716 Englisehen
771 2641 932 2698 iibersetzt:
954 2642 1008 2697 mit
1019 2639 1209 2697 Anmerlrun·

194 2726 250 2795 gen
265 2721 302 2775 A.
319 2715 356 2773 Η.
371 2716 591 2792 Baumgartner.
611 2718 644 2774 80
662 2719 753 2774 Naro.
769 2717 853 2776 1770.

155 2826 314 2847 ..----
327 2794 372 2851 De
386 2794 590 2863 Suffruetibus,
604 2794 768 2875 Herbisque
781 2816 815 2856 ac
829 2796 984 2875 Frugibus,
1003 2795 1054 2854 lib.
1068 2793 1120 2853 IV.
1141 2795 1208 2854 Lot.

194 2877 225 2937 A
238 2875 296 2938 Th.
310 2877 391 2932 Gaza
404 2874 574 2951 Interprete.
597 2874 646 2932 180
665 2874 779 2950 Argent.
794 2892 847 2953 per
860 2878 901 2935 H.
914 2874 1029 2956 Sybota.

379 2978 382 2983 ·
412 2953 489 3012 Gall.
511 2952 561 3010 180
580 2955 649 3012 Par.
667 2954 752 3014 1754.

154 3067 314 3084 ---
327 3033 485 3113 Opuseula.
507 3034 560 3094 Gr.
574 3033 640 3092 Lat.
660 3054 729 3092 eum
753 3037 988 3112 interpretatione
1009 3043 1040 3090 et
1058 3050 1208 3090 commen·

194 3117 267 3175 tario
280 3113 319 3173 D.
333 3113 459 3172 Furlani.
480 3111 529 3170 fol.
549 3113 664 3170 Honor.
679 3113 763 3171 1605.

156 3190 522 3256 THEOPHYLACTUS,
541 3190 685 3267 Balgarz'ae
700 3191 940 3266 Arctiepisoopm.
981 3188 1079 3265 Opera
1100 3193 1207 3250 omnia.

195 3273 272 3330 Cum
286 3269 442 3347 Eutlrymi'r
459 3267 601 3344 Zigabeni
620 3267 841 3327 Commentariis
861 3269 892 3325 in
906 3266 1042 3327 Psalmos.
1074 3270 1127 3329 Gr.
1141 3270 1208 3330 Lot.

196 3351 245 3409 Ab
257 3351 295 3407 G.
308 3349 337 3407 J.
350 3349 383 3408 F.
397 3348 431 3406 Β.
446 3347 551 3406 Mariae
565 3344 602 3404 de
616 3345 774 3406 Rubeis.-4
786 3356 856 3405 tom.
875 3345 922 3405 fol.
948 3346 1008 3405 Vera.
1024 3346 1164 3406 175463.

157 3454 313 3476 --·--·-
327 3426 530 3485 Enarrationes
551 3427 581 3484 in
605 3424 688 3486 Pauli
710 3425 859 3503 Epistolas.
899 3425 965 3482 Lot.
997 3426 1067 3484 Chr.
1083 3427 1209 3486 Porsena

197 3508 364 3584 interprete.
384 3504 434 3563 fol.
458 3504 517 3563 Col.
532 3504 619 3564 1581.
1167 3530 1169 3533 -

485 3582 533 3642 Jo.
555 3584 697 3643 Lonieero
719 3583 888 3659 interprete.
928 3582 978 3641 Ad
996 3583 1061 3642 hmo
1079 3583 1206 3661 ejusdem
1305 3595 1311 3603 “

196 3663 405 3740 'llieophylaeti
431 3665 462 3721 in
484 3663 597 3742 aliquot
620 3662 778 3741 Prophetas
798 3664 924 3721 minores
945 3665 1118 3742 explanatio.
1158 3663 1208 3723 fol.

132 3870 135 3877 A
158 3743 316 3872 Bs-L-
280 3741 571 3880 “insanas
585 3822 605 3876 4
619 3820 783 3900 Evangelia.
805 3822 857 3883 or.
879 3821 926 3882 at
947 3823 1026 3881 som.
1043 3801 1128 3878 raia.
1168 3770 1175 3786 ⁶

158 3927 395 3950 -—-··-··
407 3901 473 3960 Lat.
494 3900 654 3980 Interprete
667 3901 687 3960 J
690 3946 696 3959 .
711 3901 944 3980 OEeolampadio.
973 3898 1023 3958 fol.
1046 3899 1104 3955 Col.
1120 3898 1206 3958 1581.

159 4080 317 4105 Νὴ·-
329 4073 441 4139 Arrogtott
455 3979 623 4133 0550515115ῗαί
636 3980 796 4120 lilioliotar.
827 4060 875 4119 180
894 4054 984 4132 lugd·
1000 4053 1065 4112 Bal.
1082 4053 1168 4114 1596.
1186 4089 1189 4094 ·

160 4168 317 4183 ---
330 4140 476 4216 Epistolae.
492 4143 545 4203 Gr.
554 4139 624 4202 erlit.
636 4143 672 4199 ab
681 4141 731 4200 Jot
744 4140 883 4200 Menrsio.
903 4136 935 4191 4⁰
955 4133 1026 4211 Lag.
1041 4133 1108 4194 Boe.
1122 4135 1209 4194 1617.

159 4215 317 4265 ω--ὲ-
329 4216 543 4294 Explicationee
562 4224 594 4279 in·
605 4223 682 4280 Aeta
695 4217 907 4297 Apostolorum,
926 4211 1042 4272 concise
1061 4232 1098 4272 ex
1116 4213 1209 4273 Patri·

199 4297 254 4354 bus
275 4290 416 4353 collectae·
437 4298 491 4360 Gr.
504 4300 571 4359 Lat.
591 4318 664 4360 curn-
683 4295 917 4376 interpretatione
931 4292 964 4352 1.
979 4293 1008 4351 S.
1024 4292 1208 4352 Prunsseldii.

200 4375 251 4436 fol.
273 4372 331 4434 Col.
346 4372 431 4436 1657.
661 4444 664 4449 .
1154 4429 1157 4440 .
1273 4434 1277 4444 .

766 4462 784 4491 ⁶
846 4448 1211 4518 THEOPHYLACTUS.
