2632 4844
350 349 355 358 ⁴
573 251 622 329 w
647 252 680 329 n
706 252 747 329 n

120 400 336 462 WEDELIUS
350 405 435 479 (cao.
448 403 553 477 noar.)
575 404 801 482 Propempticon
815 399 852 461 de
865 421 952 463 aureo
965 421 1046 463 ramo
1060 401 1176 484 Virgilii

165 483 189 540 Ι.
210 484 242 550 41
259 482 321 542 Jen.
338 482 425 542 1699.

122 589 439 607 ·““““““·“““““““““““
453 561 492 620 Πι
513 563 545 619 4⁰
564 560 624 620 Jssn·
640 560 726 620 170οσ
942 595 951 615 s

120 672 282 687 --
296 640 524 718 Propempticon
551 640 588 698 de
615 643 710 700 resina
734 639 873 719 lEgyptia
901 639 1003 699 Plauti.
1044 639 1076 698 4⁰
1114 640 1177 701 (ἴση.

294 797 522 856 Exercitationes
543 796 917 878 Semiotico-pathologicae,
950 797 982 854 41
1011 796 1072 854 Jen.
1087 794 1175 855 1700.

119 907 281 925 --—-
293 876 430 935 Centuria
439 877 684 936 Exercitationum
699 876 1068 956 medico-philologicarum
1081 893 1176 934 sacra·

161 975 228 1014 rum
241 965 272 1015 et
290 955 487 1029 profanarum.
508 956 539 1013 4⁰
557 956 641 1014 Jenoe.
656 956 743 1016 1701.

295 1035 340 1092 Ι)σ
353 1035 443 1092 bulbo
451 1043 590 1094 veterum.
609 1037 641 1092 4⁰
659 1037 719 1094 Jen.
735 1033 821 1095 1701.

120 1113 517 1173 —Exercitationes
531 1115 853 1193 medico-philologicae.
873 1114 904 1172 4⁰
922 1113 983 1171 ὤση.
999 1112 1087 1174 1703.

122 1224 438 1241 ------
450 1196 482 1251 41
500 1193 561 1250 Jen.
577 1193 664 1253 1705.

294 1273 521 1352 Propempticon
544 1272 580 1332 de
604 1272 706 1331 morbo
729 1271 885 1332 Phoeniceo
908 1271 1106 1350 Hippocratis.
1145 1272 1179 1329 4⁰

158 1350 323 1412 Jenjlsot.

291 1430 416 1489 Theoria
429 1449 567 1508 saporum
579 1432 702 1491 medica.
723 1433 755 1490 4⁰
773 1432 835 1490 Jen.
850 1430 938 1489 1703.

68 1523 70 1525 ’
120 1533 278 1559 -·-
293 1510 516 1588 Propempticon
531 1511 567 1569 de
580 1530 669 1570 censu
682 1512 819 1587 Augusti.
840 1509 872 1566 4⁰
891 1510 954 1567 Jen.
972 1506 1059 1567 1703.

120 1621 279 1635 ----
291 1589 420 1666 Epistola
433 1589 546 1649 medica
558 1589 595 1649 de
608 1591 704 1649 Maro.
724 1591 757 1648 4⁰
775 1590 837 1647 Jen.
852 1588 939 1646 1703.

119 1697 278 1713 ---
292 1667 518 1745 Propempticon
529 1667 566 1726 de
580 1669 706 1728 Hercule
720 1667 841 1727 medico.
862 1667 895 1723 4⁰
912 1665 973 1724 ἄση.
988 1663 1077 1727 1703.

118 1779 277 1794 ---
290 1746 472 1825 Physiologia
487 1746 614 1807 Medica.
636 1749 668 1806 4⁰
686 1749 747 1805 Jea.
763 1747 849 1806 1704.
998 1802 999 1806 ,

118 1825 515 1904 ——Propempticon
537 1826 574 1886 de
588 1829 716 1886 nummis
738 1827 803 1885 novi
823 1824 1003 1883 Testamenti
1025 1826 1054 1883 in
1068 1825 1177 1902 specie.

155 1906 189 1963 4⁰
207 1906 269 1962 Jen.
285 1903 373 1964 1704.
1176 1968 1178 1972 Α

117 2015 277 2032 ---
290 1983 516 2062 Propempticon
539 1983 575 2042 de
597 1983 698 2043 tabula
725 1983 871 2044 Hermetis
899 1979 1096 2062 smaragdina.
1143 1982 1176 2040 4⁰

157 2063 218 2120 Jen.
234 2062 322 2121 1704.
545 2103 547 2107 ·

118 2130 277 2188 -'--
291 2139 474 2200 introductio
488 2142 517 2199 in
531 2141 719 2201 Alchimiam.
738 2143 772 2200 4⁰
791 2141 853 2202 Jen.
870 2139 955 2201 1705.

447 2221 479 2276 4⁰
498 2221 558 2280 Jen.
576 2222 662 2279 1706.

116 2329 276 2345 ---
289 2300 512 2377 Propempticon
525 2299 562 2358 (le
577 2302 685 2358 Lazaro
697 2308 763 2358 ante
776 2309 898 2377 portam.
920 2301 951 2358 4⁰
970 2299 1031 2356 Jen.
1046 2296 1133 2359 1705.

115 2407 275 2422 ——-
288 2379 513 2454 Propempticon
526 2379 563 2437 de
575 2398 706 2457 purpura
718 2389 749 2438 et
761 2378 856 2457 bysso.
875 2380 908 2437 4⁰
926 2380 988 2438 Jen.
1003 2377 1091 2440 1706.

116 2458 275 2511 -,--’-
290 2457 514 2535 Propempticon
527 2457 564 2516 de
579 2459 753 2522 accentibus.
773 2463 806 2517 4⁰
824 2460 886 2516 Jen.
902 2456 988 2516 1700.
1184 2469 1187 2474 ’

115 2567 274 2674 W
289 2535 502 2613 Compendium
529 2537 653 2596 Praxeos
671 2537 786 2597 clinicae
810 2537 991 2614 exemplaris.
1040 2537 1073 2595 4⁰
1112 2536 1175 2596 Jen.

114 2725 274 2741 ---
288 2694 517 2774 Propempticon
530 2694 567 2754 de
581 2695 691 2754 Mensis
705 2696 812 2753 citreis.
841 2694 873 2751 41
890 2694 952 2770 Jep.
968 2692 1054 2752 1707.

115 2801 274 2818 --
288 2773 512 2851 Propempticon
526 2774 563 2834 de
576 2775 661 2852 Thyo
676 2775 805 2832 Homeri.
825 2775 858 2831 4⁰
877 2773 939 2830 Jen.
955 2772 1042 2832 1707.

114 2882 273 2927 ····,····
287 2851 512 2930 Propempticon
526 2852 564 2912 de
579 2852 759 2912 Rhabarbari
774 2854 895 2931 origine.
916 2853 948 2909 4⁰
966 2851 1026 2909 Jen.
1045 2851 1132 2910 1703.

112 2959 273 3067 Ἦ·-
287 2930 513 3010 Propempticon
525 2932 562 2990 de
576 2933 754 2992 Rhabarbari
767 2950 872 3011 genere
886 2940 915 2989 et
923 2931 1038 2988 virtute.
1059 2931 1092 2986 4⁰
1110 2932 1172 2988 Jen.

112 3116 275 3224 W
286 3088 510 3168 Propempticon
521 3088 558 3148 de
571 3087 686 3149 Theseo
699 3088 890 3167 'lireophrasti
904 3088 1006 3147 Eresii.
1046 3088 1078 3146 4⁰
1108 3087 1172 3146 Jen.
1252 3095 1256 3102 “

18 3305 23 3314 ,
112 3275 273 3290 --—
285 3246 422 3323 Epitome
438 3248 561 3307 Praxeos
574 3247 696 3307 clinicae.
718 3249 750 3305 4⁰
769 3248 831 3306 Jen.
847 3245 934 3306 1710.

113 3351 275 3462 W
289 3326 512 3406 Propempticon
524 3325 562 3387 de
575 3327 634 3387 lilio
649 3327 819 3386 convallium
831 3324 999 3386 Salomonis.
1040 3323 1071 3382 4⁰
1109 3323 1171 3383 (ἴση.

114 3511 274 3618 -i--
287 3483 509 3563 Propempticon
530 3483 567 3543 de
591 3485 679 3545 Paulo
701 3440 836 3563 aripero
857 3482 999 3544 demorso.
1039 3483 1071 3540 4⁰
1110 3481 1173 3543 ἄση.

113 3562 273 3775 {iff-
287 3642 513 3722 Propempticon
536 3641 573 3701 de
602 3641 754 3702 Oeuanthe
780 3640 973 3720 Theophrasti
1000 3640 1102 3700 Eresii.
1141 3639 1175 3723 4⁰

115 3720 473 3858 AElgehedtasma
484 3798 520 3858 de
534 3799 601 3859 Sale.
609 3799 714 3861 volatili
728 3799 829 3861 oleoso.
850 3800 882 3857 41
901 3798 962 3857 Jen.
977 3798 1064 3856 1711.
1129 3757 1133 3762 ¹

116 3911 273 3924 ·----
288 3880 516 3957 Propempticon
528 3879 565 3937 de
580 3879 676 3957 Zytho
691 3878 857 3954 Scripturas.
878 3878 911 3934 4⁰
929 3876 990 3933 Jen.
1006 3875 1093 3936 1713.

115 3985 274 4007 ·-—--·
288 3959 518 4038 Propempticon
538 3955 575 4022 de
589 3957 675 4036 Moly
691 3956 813 4038 Homeri
835 3957 867 4015 in
889 3973 1002 4031 genere.
1041 3955 1072 4012 4⁰
1110 3950 1175 4028 Jen.

114 4034 273 4251 *ἓξὲ-
289 4116 516 4195 Propempticon
538 4114 575 4175 de
599 4115 683 4194 Moly
698 4114 819 4175 Homeri
843 4113 875 4196 in
897 4112 1002 4191 specie.
1042 4111 1074 4170 4⁰
1113 4111 1175 4170 Jen.

114 4196 273 4320 -ν--Ξ-
288 4274 518 4357 Propempticou
531 4273 569 4338 de
583 4274 767 4355 Mythologia
780 4271 866 4354 Moly
881 4263 1013 4332 Honieri.
1054 4270 1086 4328 4⁰
1114 4267 1179 4326 (ἴση.

157 4349 244 4411 1713.

866 4429 870 4433 ’
967 4422 1179 4489 WEDELIUS
